
@misc{PAVoterFile,
 author = {Commonwealth of Pennsylvania},
 title = {Pennsylvania Full Voter Export},
 howpublished = {\url{https://www.pavoterservices.pa.gov/Pages/PurchasePAFULLVoterExport.aspx}},
 year = 2017
}

@misc{OpenElections,
author = {OpenElections},
title = {OpenElections Data for Pennsylvania},
howpublished = {\url{https://github.com/openelections/openelections-data-pa}},
year = 2017
}

@misc{NYT,
author = {New York Times},
title = {Pennsylvania Presidential Race Results},
howpublished = {\url{https://www.nytimes.com/elections/results/pennsylvania-president-clinton-trump}},
year = 2017
}

@article{Poibi,
author = {S. X. Chen and J. S. Liu},
title = {Statistical applications of the poisson-binomial and conditional bernoulli distributions},
journal = {Statistica Sinica},
volume = 7, 
number = 4, 
pages = {875-892}, 
year = 1997
}

@misc{PoibiGithub,
author = {Mika J. Straka},
title = {Poisson Binomial Probability Distribution for Python},
howpublished = {\url{https://github.com/tsakim/poibin}},
year = 2016
}

@misc{LyapunovCondition,
author = {Eric W. Weisstein},
title = {Lyapunov Condition},
howpublished = {\url{http://mathworld.wolfram.com/LyapunovCondition.html}}
}

@misc{BernoulliDist,
author = {Eric W. Weisstein},
title = {Bernoulli Distribution},
howpublished = {\url{http://mathworld.wolfram.com/BernoulliDistribution.html}}
}

@article{Alpher04,
author = {A. Alpher and J.~P.~N. Fotheringham-Smythe and G. Gamow},
title = {Can a machine frobnicate?},
journal = {Journal of Foo},
volume = 14, 
number = 1, 
pages = {234--778}, 
year = 2004
}

<<<<<<< HEAD
@article{HONG201341,
title = "On computing the distribution function for the Poisson binomial distribution",
journal = "Computational Statistics \& Data Analysis",
volume = "59",
number = "Supplement C",
pages = "41 - 51",
year = "2013",
issn = "0167-9473",
doi = "https://doi.org/10.1016/j.csda.2012.10.006",
url = "http://www.sciencedirect.com/science/article/pii/S0167947312003568",
author = "Yili Hong",
keywords = "Characteristic function, -out-of- system, Longevity risk, Normal approximation, Sum of independent random indicators, Warranty returns"
}

@article{EHM19917,
title = "Binomial approximation to the Poisson binomial distribution",
journal = "Statistics \& Probability Letters",
volume = "11",
number = "1",
pages = "7 - 16",
year = "1991",
issn = "0167-7152",
doi = "https://doi.org/10.1016/0167-7152(91)90170-V",
url = "http://www.sciencedirect.com/science/article/pii/016771529190170V",
author = "Werner Ehm",
keywords = "Poisson binomial distribution, binomial approximation, total variation, hypergeometric distribution"
}

@article{roos1999,
author = "Roos, Bero",
fjournal = "Bernoulli",
journal = "Bernoulli",
month = "12",
number = "6",
pages = "1021--1034",
publisher = "Bernoulli Society for Mathematical Statistics and Probability",
title = "Asymptotics and sharp bounds in the Poisson approximation to the Poisson-binomial distribution",
url = "https://projecteuclid.org:443/euclid.bj/1143122301",
volume = "5",
year = "1999"
}

@article{chen1974,
author = "Chen, Louis H. Y.",
doi = "10.1214/aop/1176996766",
fjournal = "The Annals of Probability",
journal = "Ann. Probab.",
month = "02",
number = "1",
pages = "178--180",
publisher = "The Institute of Mathematical Statistics",
title = "On the Convergence of Poisson Binomial to Poisson Distributions",
url = "https://doi.org/10.1214/aop/1176996766",
volume = "2",
year = "1974"
}

@article{dubrow2007choosing,
  title={Choosing Among Discrete Choice Models for Voting Behavior},
  author={Dubrow, Joshua Kjerulf},
  year={2007},
  publisher={IFiS Publishers}
}

@article{rusch2013influencing,
  title={Influencing elections with statistics: Targeting voters with logistic regression trees},
  author={Rusch, Thomas and Lee, Ilro and Hornik, Kurt and Jank, Wolfgang and Zeileis, Achim},
  journal={The Annals of Applied Statistics},
  pages={1612--1639},
  year={2013},
  publisher={JSTOR}
}

@article{carsey1995contextual,
  title={The contextual effects of race on white voter behavior: The 1989 New York City mayoral election},
  author={Carsey, Thomas M},
  journal={The Journal of Politics},
  volume={57},
  number={1},
  pages={221--228},
  year={1995},
  publisher={University of Texas Press}
}

@book{billingsley1995probability,
  title={Probability and Measure},
  author={Billingsley, P.},
  isbn={9780471007104},
  lccn={gb95051456},
  series={Wiley Series in Probability and Statistics},
  url={https://books.google.com/books?id=z39jQgAACAAJ},
  year={1995},
  publisher={Wiley}
}

=======
@misc{538,
author = {Kyle Dropp},
title = {How We Determined Our 2016 Likely Voter Model},
howpublished = {\url{https://morningconsult.com/2016/09/11/morning-consult-2016-likely-voter-model/}},
year = 2016
}
>>>>>>> 6cad956c4e7314236bc62a144b3dcc3bf85d98ac
